@Misc{HadoopStorage,
       title = "{Big data storage: Hadoop storage basics}",
       howpublished = "\url{http://www.computerweekly.com/feature/Big-data-storage-Hadoop-storage-basics}",
}

@Misc{TwentyoneCloudDef,
       title = "{Twenty-One Experts Define Cloud Computing}",
       howpublished = "\url{http://cloudcomputing.sys-con.com/node/612375/print}",
}

@Misc{IBMCloudDef,
       title = "{What is cloud computing?}",
       howpublished = "\url{https://www.ibm.com/cloud-computing/learn-more/what-is-cloud-computing/}",
}

@Misc{PCMagCloudDef,
       title = "{What Is Cloud Computing?}",
       howpublished = "\url{http://www.pcmag.com/article2/0,2817,2372163,00.asp}",
}

@Misc{GmailStat,
       title = "{Gmail Now Has More Than 1B Monthly Active Users}",
       howpublished = "\url{https://techcrunch.com/2016/02/01/gmail-now-has-more-than-1b-monthly-active-users/}",
}

@Misc{NetflixOnAws,
       title = "{Netflix Case Study}",
       howpublished = "\url{https://aws.amazon.com/solutions/case-studies/netflix/}",
}

@Misc{AWSCustomer,
       title = "{AWS Customer Success}",
       howpublished = "\url{https://aws.amazon.com/solutions/case-studies/}",
}

@Misc{AdobeCloudStat,
       title = "{Adobe Creative Cloud Adoption Grows to 9 Million Paid Members}",
       howpublished = "\url{http://prodesigntools.com/creative-cloud-one-million-paid-members.html}",
}

@Misc{GoogleDriveStat,
       title = "{Google Drive claims one million paying customers, er, organizations}",
       howpublished = "\url{http://fortune.com/2015/09/21/google-drive-1m-paid-users/}",
}

@Misc{DropboxStat,
       title = "{Number of registered Dropbox users from April 2011 to March 2016 (in millions)}",
       howpublished = "\url{https://www.statista.com/statistics/261820/number-of-registered-dropbox-users/}",
}

@Misc{FacebookStat,
       title = "{The Top 20 Valuable Facebook Statistics - Updated May 2017}",
       howpublished = "\url{https://zephoria.com/top-15-valuable-facebook-statistics/}",
}

@InProceedings{Foster+08-CloudAndGrid,
       author = {Ian Foster and Young Zhao and Ioan Raicu and Shiyong Lu},
        title = "{Cloud Computing and Grid Computing 360-Degree Compared}",
    booktitle = {2008 Grid Computing Environments Workshop}, 
         year = {2008}, 
}

@InProceedings{Buyya+09-Cloud5thUtil,
       author = {Rajkumar Buyya and Chee Shin Yeo and, Srikumar Venugopal and James Broberg and Ivona Brandic},
        title = "{Cloud Computing and Emerging IT Platforms: Vision, Hype, and Reality for Delivering Computing As the 5th Utility}",
    booktitle = {Future Generation Computer Systems},
         year = {2009},
},

@InProceedings{Hayes+08-CloudComputing,
       author = {Brian Hayes},
        title = "{Cloud Computing}",
    booktitle = {Communications of the ACM},
         year = {2008},
},

@InProceedings{Marston+11-CloudBusiness,
       author = {Sean Marston and Zhi Li and Subhajyoti Bandyopadhyay and Juheng Zhang and Anand Ghalsasi},
        title = "{Cloud computing - The business perspective}",
    booktitle = {Decision Support Systems},
         year = {2011},
},

