

% ADD NEW BIBS HERE ...

@InProceedings{Bucur+14-SymbolicExecution,
  author = {Stefan Bucur and Johannes Kinder and George Candea},
  title = "{Prototyping Symbolic Execution Engines for Interpreted
  Languages}",
  crossref = {ASPLOS14},
}

